%% This BibTeX bibliography file was created using BibDesk.
%% http://bibdesk.sourceforge.net/


%% Created for Varun Ravishankar at 2013-05-10 04:24:20 -0400 


%% Saved with string encoding Unicode (UTF-8) 



@inproceedings{Bertin-Mahieux2011,
	Author = {Thierry Bertin-Mahieux and Daniel P.W. Ellis and Brian Whitman and Paul Lamere},
	Booktitle = {{Proceedings of the 12th International Conference on Music Information Retrieval ({ISMIR} 2011)}},
	Date-Added = {2013-05-10 08:23:19 +0000},
	Date-Modified = {2013-05-10 08:23:19 +0000},
	Owner = {thierry},
	Timestamp = {2010.03.07},
	Title = {The Million Song Dataset},
	Year = {2011}}
